<?xml version="1.0" encoding="UTF-8"?><collection xmlns="http://www.loc.gov/MARC21/slim"><record><leader>00344nam--2200133-i-4500</leader><controlfield tag="001">000033383</controlfield><controlfield tag="002">20161230</controlfield><controlfield tag="005">20161230201039</controlfield><controlfield tag="008">060222s1000------------r-----000-0-eng-d</controlfield><datafield ind1=" " ind2=" " tag="100"><subfield code="a">Moulon, J.M</subfield></datafield><datafield ind1=" " ind2=" " tag="245"><subfield code="a">Proprietes essentielles des transistrons</subfield></datafield><datafield ind1=" " ind2=" " tag="260"><subfield code="a">Paris, Chiron, 1955, 37p</subfield></datafield><datafield ind1=" " ind2=" " tag="490"><subfield code="a">Cahiers Dse L`Onde Electrique)</subfield></datafield><datafield ind1=" " ind2=" " tag="852"><subfield code="a">11954</subfield></datafield></record></collection>